<record><leader>00000cas a2200000 i 4500</leader><controlfield tag="001">862945490</controlfield><controlfield tag="006">m     o  d        </controlfield><controlfield tag="007">cr |||||||||||</controlfield><controlfield tag="008">131113d18411853inuwr neo     0   a0eng  </controlfield><datafield ind1=" " ind2=" " tag="010"><subfield code="a">  2013272078</subfield></datafield><datafield ind1=" " ind2=" " tag="040"><subfield code="a">DLC</subfield><subfield code="b">eng</subfield><subfield code="e">rda</subfield><subfield code="c">DLC</subfield><subfield code="d">OCLCF</subfield></datafield><datafield ind1="0" ind2=" " tag="022"><subfield code="a">2332-0958</subfield><subfield code="2">1</subfield></datafield><datafield ind1=" " ind2=" " tag="042"><subfield code="a">pcc</subfield><subfield code="a">nsdp</subfield></datafield><datafield ind1=" " ind2=" " tag="043"><subfield code="a">n-us-in</subfield></datafield><datafield ind1="1" ind2="0" tag="050"><subfield code="a">ISSN RECORD</subfield></datafield><datafield ind1="0" ind2="0" tag="082"><subfield code="a">071</subfield><subfield code="2">23</subfield></datafield><datafield ind1="0" ind2=" " tag="130"><subfield code="a">Indiana State sentinel (Indianapolis, Ind. : 1841 : Online)</subfield></datafield><datafield ind1=" " ind2="0" tag="222"><subfield code="a">Indiana State sentinel</subfield><subfield code="b">(Indianapolis, Ind. 1841. Online)</subfield></datafield><datafield ind1="1" ind2="0" tag="245"><subfield code="a">Indiana State sentinel.</subfield></datafield><datafield ind1="1" ind2="3" tag="246"><subfield code="a">State Indiana sentinel</subfield></datafield><datafield ind1=" " ind2="1" tag="264"><subfield code="a">Indianapolis [Ind.] :</subfield><subfield code="b">G. A. &amp; J. P. Chapman,</subfield><subfield code="c">1841-</subfield></datafield><datafield ind1=" " ind2=" " tag="310"><subfield code="a">Weekly</subfield></datafield><datafield ind1=" " ind2=" " tag="336"><subfield code="a">text</subfield><subfield code="b">txt</subfield><subfield code="2">rdacontent</subfield></datafield><datafield ind1=" " ind2=" " tag="337"><subfield code="a">computer</subfield><subfield code="b">c</subfield><subfield code="2">rdamedia</subfield></datafield><datafield ind1=" " ind2=" " tag="338"><subfield code="a">online resource</subfield><subfield code="b">cr</subfield><subfield code="2">rdacarrier</subfield></datafield><datafield ind1="1" ind2=" " tag="362"><subfield code="a">Began with vol. I, no. 1 (July 21, 1841); ceased April 28, 1853.</subfield></datafield><datafield ind1=" " ind2=" " tag="500"><subfield code="a">"Indiana" appears in small type above title ornament, July 21-Oct. 5, 1841; "state" appears in small letters above title ornament, Oct. 11, 1841-June 21, 1842.</subfield></datafield><datafield ind1=" " ind2=" " tag="580"><subfield code="a">Daily ed.: Daily State sentinel (Indianapolis, Ind. : 1841), published during sessions of legislature from Dec. to Feb., 1841-1844.</subfield></datafield><datafield ind1=" " ind2=" " tag="580"><subfield code="a">Triweekly legislative ed.: The legislative sentinel, Dec. 3, 1844-&lt;Jan. 14, 1845&gt;.</subfield></datafield><datafield ind1=" " ind2=" " tag="580"><subfield code="a">Semiweekly legislative ed.: Indiana State sentinel (Indianapolis, Ind. : Semiweekly), June 4, 1845-Apr. 26, 1851.</subfield></datafield><datafield ind1=" " ind2=" " tag="580"><subfield code="a">Permanent daily ed.: Daily Indiana State sentinel (Indianapolis, Ind. : 1851), 1851-1855.</subfield></datafield><datafield ind1=" " ind2=" " tag="580"><subfield code="a">Weekly supplements during political campaigns: Extra State sentinel, Jan. 31-Sept. 16, 1842, and: Chapman's coon skinner, May 1843-&lt;Sept. 2, 1848&gt;.</subfield></datafield><datafield ind1=" " ind2=" " tag="588"><subfield code="a">Description based on: Vol. I, no. 1 (July 21, 1841); title from masthead (Chroniclingamerica.loc.gov, viewed November 13, 2013).</subfield></datafield><datafield ind1=" " ind2=" " tag="588"><subfield code="a">Latest issue consulted: Volume IV, number 27 (December 26, 1844) (Chroniclingamerica.loc.gov, viewed November 13, 2013).</subfield></datafield><datafield ind1=" " ind2="0" tag="651"><subfield code="a">Indianapolis (Ind.)</subfield><subfield code="v">Newspapers.</subfield></datafield><datafield ind1=" " ind2="7" tag="655"><subfield code="a">Newspapers.</subfield><subfield code="2">fast</subfield><subfield code="0">(OCoLC)fst01423814</subfield></datafield><datafield ind1=" " ind2="7" tag="651"><subfield code="a">Indiana</subfield><subfield code="z">Indianapolis.</subfield><subfield code="2">fast</subfield><subfield code="0">(OCoLC)fst01205182</subfield></datafield><datafield ind1=" " ind2=" " tag="752"><subfield code="a">United States</subfield><subfield code="b">Indiana</subfield><subfield code="c">Marion</subfield><subfield code="d">Indianapolis.</subfield></datafield><datafield ind1="1" ind2=" " tag="770"><subfield code="t">Extra State sentinel (Online)</subfield></datafield><datafield ind1="1" ind2=" " tag="770"><subfield code="t">Chapman's coon skinner (Online)</subfield></datafield><datafield ind1="1" ind2=" " tag="775"><subfield code="t">Daily State sentinel (Indianapolis, Ind. : 1841 : Online)</subfield></datafield><datafield ind1="1" ind2=" " tag="775"><subfield code="t">Indiana State sentinel (Indianapolis, Ind. : Semiweekly : Online)</subfield></datafield><datafield ind1="1" ind2=" " tag="775"><subfield code="t">Daily Indiana State sentinel (Indianapolis, Ind. : 1851 : Online)</subfield></datafield><datafield ind1="1" ind2=" " tag="775"><subfield code="t">Legislative sentinel (Online)</subfield></datafield><datafield ind1="0" ind2="8" tag="776"><subfield code="i">Originally issued in print:</subfield><subfield code="t">Indiana State sentinel (Indianapolis, Ind. : 1841)</subfield><subfield code="x">2332-094X</subfield><subfield code="w">(DLC)sn 82014286</subfield><subfield code="w">(OCoLC)8811173</subfield></datafield><datafield ind1="0" ind2="0" tag="780"><subfield code="t">Indiana Democrat, and spirit of the constitution (Online)</subfield></datafield><datafield ind1="0" ind2="5" tag="780"><subfield code="t">Indiana statesman (Indianapolis, Ind. : Online)</subfield></datafield><datafield ind1="0" ind2="0" tag="785"><subfield code="t">Weekly Indiana State sentinel (Online)</subfield></datafield><datafield ind1="4" ind2="0" tag="856"><subfield code="u">http://www.loc.gov/chroniclingamerica/lccn/sn82015677/issues</subfield></datafield></record>